@misc{spec,
	author = {Erdem Alkim and
	          Joppe W. Bos and
	          L{\'e}o Ducas and
	          Patrick Longa and
	          Ilya Mironov and
	          Michael Naehrig and
	          Valeria Nikolaenko and
	          Chris Peikert and
	          Ananth Raghunathan and
	          Douglas Stebila},
	title = {{FrodoKEM: Learning With Errors Key Encapsulation}},
	note = {Specification document available at \url{https://frodokem.org/}},
	year = {2017--2023},
}

@misc{ISOdraft,
	author = {Erdem Alkim and
	          Joppe W. Bos and
	          L{\'e}o Ducas and
	          Patrick Longa and
	          Ilya Mironov and
	          Michael Naehrig and
	          Valeria Nikolaenko and
	          Chris Peikert and
	          Ananth Raghunathan and
	          Douglas Stebila},
	title = {{FrodoKEM Preliminary Standardization Proposal (submitted to ISO)}},
	note = {\url{https://frodokem.org/files/FrodoKEM-standard_proposal-20230314.pdf}},
	year = {Mar. 2023},
	month = March,
}

@Misc{cryptoeprint:2019:234,
  author       = {L{\'e}o Ducas and Maxime Plan{\c c}on and Benjamin
                  Wesolowski},
  title        = {On the Shortness of Vectors to be found by the
                  {Ideal-SVP} Quantum Algorithm},
  howpublished = {Cryptology ePrint Archive, Report 2019/234},
  year         = 2019,
  note         = {\url{https://eprint.iacr.org/2019/234}}
}

@misc{pqcforum:phong,
	author = {Le Trieu Phong},
	title = {OFFICIAL COMMENT: Frodo},
	note = {NIST pqc-forum, \url{https://csrc.nist.gov/CSRC/media/Projects/Post-Quantum-Cryptography/documents/round-1/official-comments/Frodo-official-comment.pdf}},
	year = {2018},
	month = Apr,
}

@misc{EPRINT:DAnVerVer18,
    author = {Jan-Pieter D'Anvers and Frederik Vercauteren and Ingrid Verbauwhede},
    title = {On the impact of decryption failures on the security of {LWE/LWR} based schemes},
    howpublished = {Cryptology ePrint Archive, Report 2018/1089},
    year = {2018},
    note = {\url{https://eprint.iacr.org/2018/1089}},
}

@misc{EPRINT:JiaZhaMa19,
    author = {Haodong Jiang and Zhenfeng Zhang and Zhi Ma},
    title = {Tighter security proofs for generic key encapsulation mechanism in the quantum random oracle model},
    howpublished = {Cryptology ePrint Archive, Report 2019/134},
    year = {2019},
    note = {\url{https://eprint.iacr.org/2019/134}},
}

@InProceedings{MyCrypt:CKMS16,
  author = {Sanjit Chatterjee and Neal Koblitz and Alfred Menezes and Palash Sarkar},
  title = {Another Look at Tightness {II}: Practical Issues in Cryptography},
  booktitle = {Paradigms in Cryptology -- Mycrypt 2016},
  pages = {21--25},
  series = mylncs,
  volume = {10311},
  year = {2017},
  publisher = springer,
}

@misc{EPRINT:BORSV21,
    author = {Joppe W. Bos and Maximilian Ofner and Joost Renes and Tobias Schneider and Christine van Vredendaal},
    title = {The Matrix Reloaded: Multiplication Strategies in {FrodoKEM}},
    howpublished = {Cryptology ePrint Archive, Report 2021/711},
    year = {2021},
    note = {\url{https://eprint.iacr.org/2021/711}},
}

@Article{DBLP:journals/fttcs/Peikert16,
  author       = {Chris Peikert},
  title        = {A Decade of Lattice Cryptography},
  journal      = {Foundations and Trends in Theoretical Computer
                  Science},
  year         = 2016,
  volume       = 10,
  number       = 4,
  pages        = {283-424}
}

@TechReport{dworkin2015sha,
  author       = {Morris J. Dworkin},
  title        = {{SHA}-3 standard: Permutation-based hash and
                  extendable-output functions},
  institution  = {National Institute of Standards and Technology},
  year         = 2015,
  type         = {Federal Information Processing Standards (FIPS)},
  number       = 202,
  month        = Aug
}

@Article{albrecht15:_concrete_lwe,
  author       = {Martin R. Albrecht and Rachel Player and Sam Scott},
  title        = {On the concrete hardness of {Learning} with
                  {Errors}},
  journal      = {Journal of Mathematical Cryptology},
  year         = 2015,
  volume       = 9,
  number       = 3,
  pages        = {169-203},
  month        = {Nov}
}

@Article{DBLP:journals/dcc/LangloisS15,
  author       = {Adeline Langlois and Damien Stehl{\'{e}}},
  title	       = {Worst-case to average-case reductions for module
                  lattices},
  journal      = {Designs, Codes and Cryptography},
  year	       = 2015,
  volume       = 75,
  number       = 3,
  pages	       = {565-599}
}

@Article{DBLP:journals/toct/BrakerskiGV14,
  author       = {Zvika Brakerski and Craig Gentry and Vinod
                  Vaikuntanathan},
  title	       = {({Leveled}) Fully Homomorphic Encryption without
                  Bootstrapping},
  journal      = {{ACM} Transactions on Computer Theory},
  year	       = 2014,
  volume       = 6,
  number       = 3,
  pages	       = 13,
  note	       = {Preliminary version in ITCS 2012},
  prelimyear   = 2012
}

@Article{DBLP:journals/jacm/LyubashevskyPR13,
  author       = {Vadim Lyubashevsky and Chris Peikert and Oded Regev},
  title	       = {On Ideal Lattices and Learning with Errors Over
                  Rings},
  journal      = jacm,
  volume       = 60,
  number       = 6,
  pages	       = {43:1--43:35},
  articleno    = 43,
  numpages     = 35,
  month	       = {November},
  year	       = 2013,
  note	       = {Preliminary version in Eurocrypt~2010},
  prelimyear   = 2010
}

@Article{BNP_IJAC16,
  author       = {Joppe W. Bos and Michael Naehrig and Joop van de
                  Pol},
  journal      = {Int.~J.~ of Applied Cryptography},
  volume       = {3},
  number       = {4},
  month        = jan,
  year         = {2017},
  pages        = {313--329},
}

@Article{LMP15,
  author       = {Thijs Laarhoven and Michele Mosca and Joop van de
                  Pol},
  title        = {Finding shortest lattice vectors faster using
                  quantum search},
  journal      = {Designs, Codes and Cryptography},
  year         = 2015,
  volume       = 77,
  number       = {2-3},
  pages        = {375-400}
}

@InProceedings{SSR:BCCHLLNV15,
  author       = {Bernstein, Daniel J.  and Chou, Tung and
                  Chuengsatiansup, Chitchanok and H{\"u}lsing, Andreas
                  and Lambooij, Eran and Lange, Tanja and Niederhagen,
                  Ruben and van Vredendaal, Christine},
  title        = {How to Manipulate Curve Standards: A White Paper for
                  the Black Hat},
  booktitle    = {Security Standardisation Research (SSR) 2015},
  year         = 2015,
  editor       = {Chen, Liqun and Matsuo, Shin'ichiro},
  pages        = {109-139},
  publisher    = {Springer},
  volume       = {9497},
  series       = mylncs,
}

@InProceedings{SAC:BCLV16,
  author       = {Daniel J. Bernstein and Chitchanok Chuengsatiansup
                  and Tanja Lange and Christine van Vredendaal},
  title        = {{NTRU} {P}rime: reducing attack surface at low cost},
  editor       = sac17ed,
  booktitle    = sac17name,
  year         = sac17year,
  note         = {\url{http://eprint.iacr.org/2016/461}},
  howpublished = {Cryptology ePrint Archive, Report 2016/461}
}

@Misc{NIST800-185,
  author       = {John Kelsey and {Shu-jen} Chang and Ray Perlner},
  title        = {{SHA-3} Derived Functions: {cSHAKE}, {KMAC},
                  {TupleHash} and {ParallelHash}},
  year         = 2016,
  note         = {NIST Special Publication
                  800-185. \url{http://nvlpubs.nist.gov/nistpubs/SpecialPublications/NIST.SP.800-185.pdf}}
}

@Misc{soliloquyattack,
  author       = {Peter Campbell and Michael Groves and Dan Shepherd},
  title        = {Soliloquy: a Cautionary Tale},
  howpublished = {ETSI 2nd Quantum-Safe Crypto Workshop},
  year         = 2014,
  note         = {\url{http://docbox.etsi.org/Workshop/2014/201410_CRYPTO/S07_Systems_and_Attacks/S07_Groves_Annex.pdf}}
}

@InProceedings{DBLP:conf/coco/DadushRS14,
  author       = {Daniel Dadush and Oded Regev and Noah
                  Stephens{-}Davidowitz},
  title        = {On the Closest Vector Problem with a Distance
                  Guarantee},
  booktitle    = {IEEE Conference on Computational Complexity},
  year         = 2014,
  pages        = {98-109}
}

@InProceedings{TCC:Peikert09_slides,
  author       = {Chris Peikert},
  title        = {Some Recent Progress in Lattice-Based Cryptography},
  booktitle    = tcc09name,
  year         = 2009,
  editor       = tcc09ed,
  volume       = tcc09vol,
  series       = mylncs,
  pages        = 72,
  month        = tcc09month,
  address      = tcc09addr,
  publisher    = tccpub,
  note         = {Invited talk. Slides available at
                  \url{http://web.eecs.umich.edu/~cpeikert/pubs/slides-tcc09.pdf}}
}

@InCollection{MR09:_post_quant_crypt,
  author       = {Daniele Micciancio and Oded Regev},
  title	       = {Lattice-based Cryptography},
  booktitle    = {Post Quantum Cryptography},
  pages	       = {147-191},
  publisher    = {Springer},
  year	       = 2009,
  type	       = {Chapter on},
  month	       = {February}
}

@Article{Reg09,
  author       = {Oded Regev},
  title        = {On lattices, learning with errors, random linear
                  codes, and cryptography},
  journal      = jacm,
  year         = 2009,
  volume       = 56,
  number       = 6,
  pages        = 34,
  note         = {Preliminary version in STOC 2005},
  publisher    = {ACM}
}

@InProceedings{Reparaz2016_1,
  author       = {Reparaz, Oscar and de Clercq, Ruan and Sinha Roy, Sujoy
                  and Vercauteren, Frederik and Verbauwhede,
                  Ingrid},
  title        = {Additively Homomorphic Ring-{LWE} Masking},
  booktitle    = {PQCrypto 2016},
  year         = 2016,
  editor       = {Takagi, Tsuyoshi},
  volume       = 9606,
  pages        = {233-244},
  publisher    = springer,
  series       = mylncs,
}

@Article{Reparaz2016_2,
  author       = {Reparaz, Oscar and Sinha Roy, Sujoy and de Clercq,
                  Ruan and Vercauteren, Frederik and Verbauwhede,
                  Ingrid},
  title        = {Masking ring-{LWE}},
  journal      = {Journal of Cryptographic Engineering},
  year         = 2016,
  volume       = 6,
  number       = 2,
  pages        = {139-153},
}

@PhdThesis{ChenThesis,
  author       = {Yuanmi Chen},
  title        = {Lattice reduction and concrete security of fully
                  homomorphic encryption},
  school       = {Universit{\'e} Paris Diderot},
  year         = 2013,
}

@PhdThesis{LaarhovenThesis,
  author       = {Laarhoven, Thijs},
  title        = {Search problems in cryptography},
  school       = {Eindhoven University of Technology},
  year         = 2015
}

@InProceedings{mariano2017parallel,
  author       = {Mariano, Artur and Laarhoven, Thijs and Bischof,
                  Christian},
  title        = {A Parallel Variant of {LDSieve} for the {SVP} on
                  Lattices},
  booktitle    = {25th Euromicro Int. Conf. on Parallel, Distributed
                  and Network-based Processing (PDP)},
  year         = 2017,
  pages        = {23-30},
  organization = {IEEE}
}

@Article{qasim2010fpga,
  author       = {Qasim, Syed M and Telba, Ahmed A and AlMazroo,
                  Abdulhameed Y},
  title        = {{FPGA} design and implementation of matrix
                  multiplier architectures for image and signal
                  processing applications},
  journal      = {International Journal of Computer Science and
                  Network Security},
  year         = 2010,
  volume       = 10,
  number       = 2,
  pages        = {168-176}
}

@InProceedings{RegevLWESurvey,
  author       = {Oded Regev},
  title	       = {The Learning with Errors Problem (Invited Survey)},
  booktitle    = {IEEE Conference on Computational Complexity},
  year	       = 2010,
  pages	       = {191-204}
}

@InProceedings{DBLP:conf/approx/LiuLM06,
  author       = {Yi-Kai Liu and Vadim Lyubashevsky and Daniele
                  Micciancio},
  title	       = {On Bounded Distance Decoding for General Lattices},
  booktitle    = {APPROX-RANDOM},
  year	       = 2006,
  pages	       = {450-461},
  publisher    = springer,
  series       = mylncs,
  volume       = 4110,
}

@Article{DBLP:journals/jacm/AharonovR05,
  author       = {Dorit Aharonov and Oded Regev},
  title	       = {Lattice problems in {NP} $\cap$ {coNP}},
  journal      = jacm,
  volume       = 52,
  number       = 5,
  year	       = 2005,
  pages	       = {749-765},
  note	       = {Preliminary version in FOCS 2004},
  prelimyear   = 2004
}

@Article{DBLP:journals/siamcomp/MicciancioR07,
  author       = {Daniele Micciancio and Oded Regev},
  title	       = {Worst-Case to Average-Case Reductions Based on
                  {Gaussian} Measures.},
  journal      = {SIAM J.~Comput.},
  volume       = 37,
  number       = 1,
  year	       = 2007,
  pages	       = {267-302},
  note	       = {Preliminary version in FOCS 2004},
  prelimyear   = 2004
}

@Article{DBLP:journals/jacm/Regev04,
  author       = {Oded Regev},
  title	       = {New lattice-based cryptographic constructions},
  journal      = {J.~ACM},
  volume       = 51,
  number       = 6,
  year	       = 2004,
  pages	       = {899-942},
  note	       = {Preliminary version in STOC 2003},
  prelimyear   = 2003
}

@InProceedings{DBLP:conf/ants/HoffsteinPS98,
  author       = {Jeffrey Hoffstein and Jill Pipher and Joseph
                  H. Silverman},
  title	       = {{NTRU}: A Ring-Based Public Key Cryptosystem},
  booktitle    = {Algorithmic Number Theory, Third International Symposium},
  year	       = 1998,
  pages	       = {267-288},
  editor       = {Joe P. Buhler}
}

@Article{DBLP:journals/tcs/Schnorr87,
  author       = {Claus-Peter Schnorr},
  title	       = {A Hierarchy of Polynomial Time Lattice Basis
                  Reduction Algorithms},
  journal      = tcs,
  volume       = 53,
  year	       = 1987,
  pages	       = {201-224}
}

@Article{lenstra82:_factor,
  author       = {Arjen K. Lenstra and Lenstra, Jr., Hendrik W. and
                  L\'{a}szl\'{o} Lov\'{a}sz},
  title	       = {Factoring polynomials with rational coefficients},
  journal      = {Mathematische Annalen},
  year	       = 1982,
  volume       = 261,
  number       = 4,
  pages	       = {515-534},
  month	       = {December}
}

@InProceedings{EuroSP:Kyber, 
	author     = {Joppe Bos and
	              L{\'e}o Ducas and
			      Eike Kiltz and
	              Tancr{\`e}de Lepoint and
                  Vadim Lyubashevsky and
                  John M. Schanck and
                  Peter Schwabe and
                  Gregor Seiler and
                  Damien Stehl{\'e}}, 
	booktitle  = {2018 IEEE European Symposium on Security and Privacy (EuroS\&P)}, 
	title      = {{CRYSTALS} --- {Kyber}: A {CCA}-Secure Module-Lattice-Based {KEM}}, 
	year       = {2018}, 
	pages      = {353-367}, 
	doi        = {10.1109/EuroSP.2018.00032}, 
	month      = apr
}

@Article{SIAGA:CLS17,
	author     = {Hao Chen and Kristin Lauter and Katherine E. Stange},
	title      = {Attacks on the Search {RLWE} Problem with Small Errors},
	journal    = {SIAM J. on Applied Algebra and Geometry},
	volume     = {1},
	number     = {1},
	pages      = {665-682},
	year       = {2017},
}

@misc{cryptoeprint:2018:211,
	author        = {Prasanna Ravi and Debapriya Basu Roy and Shivam Bhasin and Anupam Chattopadhyay and Debdeep Mukhopadhyay},
	title         = {Number ``Not Used'' Once --- Practical fault attack on pqm4 implementations of {NIST} candidates},
	howpublished  = {Cryptology ePrint Archive, Report 2018/211},
	year          = {2018},
	note          = {\url{https://eprint.iacr.org/2018/211}},
}

@techreport{albrecht2019estimating,
  title         = {Estimating quantum speedups for lattice sieves},
  author        = {Albrecht, Martin R and Gheorghiu, Vlad and Postlethwaite, Eamonn W and Schanck, John M},
  year          = {2019},
  institution   = {Cryptology ePrint Archive, Report 2019/1161}
}


@inproceedings{yu2017second,
  title         = {Second order statistical behavior of {LLL} and {BKZ}},
  author        = {Yu, Yang and Ducas, L{\'e}o},
  booktitle     = {International Conference on Selected Areas in Cryptography},
  pages         = {3--22},
  year          = {2017},
  organization  = {Springer}
}

@article{dachman2020lwe,
  title         = {{LWE} with Side Information: Attacks and Concrete Security Estimation.},
  author        = {Dachman-Soled, Dana and Ducas, L{\'e}o and Gong, Huijing and Rossi, M{\'e}lissa},
  howpublished  = {{IACR} Cryptology ePrint Archive report 2020/292},
  year          = {2020},
  note          = {\url{https://eprint.iacr.org/2020/292.pdf}},

}

@inproceedings{ducas2018shortest,
  title         = {Shortest vector from lattice sieving: a few dimensions for free},
  author        = {Ducas, L{\'e}o},
  booktitle     = {Annual International Conference on the Theory and Applications of Cryptographic Techniques},
  pages         = {125--145},
  year          = {2018},
  organization  = {Springer}
}

@inproceedings{albrecht2019general,
  title         = {The general sieve kernel and new records in lattice reduction},
  author        = {Albrecht, Martin R and Ducas, L{\'e}o and Herold, Gottfried and Kirshanova, Elena and Postlethwaite, Eamonn W and Stevens, Marc},
  booktitle     = {Annual International Conference on the Theory and Applications of Cryptographic Techniques},
  pages         = {717--746},
  year          = {2019},
  organization  = {Springer}
}

